@article{Richards2015APhotographs,
    title = {{A rapid indicator of cultural ecosystem service usage at a fine spatial scale: Content analysis of social media photographs}},
    year = {2015},
    journal = {Ecological Indicators},
    author = {Richards, Daniel R. and Friess, Daniel A.},
    pages = {187--195},
    volume = {53},
    publisher = {Elsevier Ltd},
    url = {http://dx.doi.org/10.1016/j.ecolind.2015.01.034},
    isbn = {1470-160X},
    doi = {10.1016/j.ecolind.2015.01.034},
    issn = {1470160X},
    keywords = {Content analysis, Ecosystem service assessment, Flickr, Mangrove, Recreation}
}

@misc{Alexa.com2019AlexaFlickr,
    title = {{Alexa Global Traffic Rank Flickr}},
    year = {2019},
    author = {{Alexa.com}},
    url = {https://www.alexa.com/siteinfo/flickr.com}
}

@misc{Alexa.com2019AlexaInstagram,
    title = {{Alexa Global Traffic Rank Instagram}},
    year = {2019},
    author = {{Alexa.com}},
    url = {https://www.alexa.com/siteinfo/instagram.com}
}

@article{Balram2005AttitudesMeasurements,
    title = {{Attitudes toward urban green spaces: Integrating questionnaire survey and collaborative GIS techniques to improve attitude measurements}},
    year = {2005},
    journal = {Landscape and Urban Planning},
    author = {Balram, Shivanand and Dragi{\'{c}}evi{\'{c}}, Suzana},
    number = {2-4},
    pages = {147--162},
    volume = {71},
    isbn = {0169-2046},
    doi = {10.1016/S0169-2046(04)00052-0},
    issn = {01692046},
    pmid = {25246403},
    arxivId = {arXiv:1011.1669v3},
    keywords = {Attitude, Collaborative GIS, Factor analysis, Questionnaire, Urban green spaces, Urban planning}
}

@article{Joulin2016BagClassification,
    title = {{Bag of Tricks for Efficient Text Classification}},
    year = {2016},
    author = {Joulin, Armand and Grave, Edouard and Bojanowski, Piotr and Mikolov, Tomas},
    url = {http://arxiv.org/abs/1607.01759},
    isbn = {9781577357384},
    doi = {1511.09249v1},
    issn = {10450823},
    pmid = {1000303116},
    arxivId = {1607.01759}
}

@article{Tenerelli2016CrowdsourcingLandscapes,
    title = {{Crowdsourcing indicators for cultural ecosystem services : A geographically weighted approach for mountain landscapes}},
    year = {2016},
    author = {Tenerelli, Patrizia},
    pages = {237--248},
    volume = {64},
    doi = {10.1016/j.ecolind.2015.12.042},
    keywords = {cultural service preferences, non-material ecosystem benefits}
}

@article{Yoshimura2017DemandHokkaido,
    title = {{Demand and supply of cultural ecosystem services: Use of geotagged photos to map the aesthetic value of landscapes in Hokkaido}},
    year = {2017},
    journal = {Ecosystem Services},
    author = {Yoshimura, Nobuhiko and Hiura, Tsutom},
    pages = {68--78},
    volume = {24},
    publisher = {Elsevier B.V.},
    url = {http://dx.doi.org/10.1016/j.ecoser.2017.02.009},
    isbn = {22120416},
    doi = {10.1016/j.ecoser.2017.02.009},
    issn = {22120416},
    keywords = {Aesthetics, Cultural ecosystem service, Flickr, GIS, MaxEnt, Social networking service}
}

@article{Wartmann2018DescribingApproach,
    title = {{Describing and comparing landscapes using tags, texts, and free lists: an interdisciplinary approach}},
    year = {2018},
    journal = {International Journal of Geographical Information Science},
    author = {Wartmann, Flurina M. and Acheson, Elise and Purves, Ross S.},
    number = {8},
    pages = {1572--1592},
    volume = {32},
    publisher = {Taylor {\&} Francis},
    doi = {10.1080/13658816.2018.1445257},
    issn = {13623087},
    keywords = {Place descriptions, geographic information retrieval, landscape character assessments, text processing, user-generated content}
}

@article{Mikolov2013EfficientSpace,
    title = {{Efficient Estimation of Word Representations in Vector Space}},
    year = {2013},
    author = {Mikolov, Tomas and Chen, Kai and Corrado, Greg and Dean, Jeffrey},
    pages = {1--12},
    url = {http://arxiv.org/abs/1301.3781},
    isbn = {1532-4435},
    doi = {10.1162/153244303322533223},
    issn = {15324435},
    pmid = {18244602},
    arxivId = {1301.3781}
}

@book{EntwicklungNaherholungsraumen,
    title = {{Entwicklung einer Typologie von Erholungssuchenden als Basis f{\"{u}}r die Planung und Gestaltung von naturnahen Naherholungsr{\"{a}}umen}},
    isbn = {9783952493311}
}

@techreport{Berchtold2011EntwicklungsleitbildRossberg,
    title = {{Entwicklungsleitbild Zuger- / Walchwiler- / Rossberg}},
    year = {2011},
    booktitle = {Baudirektion des Kantons Zug, Amt fuer Raumplanung},
    author = {Berchtold, Hugo and Weber, Cyrill, et. al},
    pages = {1--6}
}

@article{Figueroa-Alfaro2017EvaluatingFlickr,
    title = {{Evaluating the aesthetic value of cultural ecosystem services by mapping geo-tagged photographs from social media data on Panoramio and Flickr}},
    year = {2017},
    journal = {Journal of Environmental Planning and Management},
    author = {Figueroa-Alfaro, Richard Wagner and Tang, Zhenghong},
    number = {2},
    pages = {266--281},
    volume = {60},
    publisher = {Taylor {\&} Francis},
    url = {https://doi.org/10.1080/09640568.2016.1151772},
    isbn = {0964-0568},
    doi = {10.1080/09640568.2016.1151772},
    issn = {13600559},
    pmid = {1846723591},
    keywords = {aesthetic value, crowdsourcing data, ecosystem service, social media}
}

@article{Ostermann2015ExtractingMedia,
    title = {{Extracting and Comparing Places Using Geo-Social Media}},
    year = {2015},
    journal = {ISPRS Annals of Photogrammetry, Remote Sensing and Spatial Information Sciences},
    author = {Ostermann, F. O. and Huang, H. and Andrienko, G. and Andrienko, N. and Capineri, C. and Farkas, K. and Purves, R. S.},
    pages = {311--316},
    volume = {II-3/W5},
    url = {http://www.isprs-ann-photogramm-remote-sens-spatial-inf-sci.net/II-3-W5/311/2015/},
    doi = {10.5194/isprsannals-II-3-W5-311-2015},
    issn = {2194-9050},
    keywords = {geo-social media, semantic similarity, u ser-generated geographic content, volunteered geographic information}
}

@article{Al-Salemi2018FeatureCategorization,
    title = {{Feature ranking for enhancing boosting-based multi-label text categorization}},
    year = {2018},
    journal = {Expert Systems with Applications},
    author = {Al-Salemi, Bassam and Ayob, Masri and Noah, Shahrul Azman Mohd},
    pages = {531--543},
    volume = {113},
    publisher = {Elsevier Ltd},
    url = {https://doi.org/10.1016/j.eswa.2018.07.024},
    doi = {10.1016/j.eswa.2018.07.024},
    issn = {09574174},
    keywords = {Boosting, Feature ranking, Multi-label learning, RFBoost, Text categorization}
}

@article{Wider2013GeoreferencingFlickr,
    title = {{Georeferencing images using tags: application with Flickr}},
    year = {2013},
    journal = {AGILEâ€™13: Proceedings of the 16th AGILE International Conference on Geographic Information Science},
    author = {Wider, Thomas and Palacio, Damien and Purves, Ross S},
    number = {January},
    pages = {1--5},
    keywords = {flickr, georeferencing, geotagging}
}

@misc{Instagram2018InstagramRetirement,
    title = {{Instagram API retirement}},
    year = {2018},
    booktitle = {Retirement, Instagram API},
    author = {{Instagram}},
    url = {https://www.instagram.com/developer/},
    isbn = {2013436106},
    doi = {10.1360/zd-2013-43-6-1064}
}

@article{Tenkanen2017InstagramAreas,
    title = {{Instagram, Flickr, or Twitter: Assessing the usability of social media data for visitor monitoring in protected areas}},
    year = {2017},
    journal = {Scientific Reports},
    author = {Tenkanen, Henrikki and Di Minin, Enrico and Heikinheimo, Vuokko and Hausmann, Anna and Herbst, Marna and Kajala, Liisa and Toivonen, Tuuli},
    number = {1},
    pages = {1--11},
    volume = {7},
    publisher = {Springer US},
    url = {http://dx.doi.org/10.1038/s41598-017-18007-4},
    isbn = {2045-2322 (Electronic)2045-2322 (Linking)},
    doi = {10.1038/s41598-017-18007-4},
    issn = {20452322},
    pmid = {29242619}
}

@article{Ghermandi2018IntegratingWetlands,
    title = {{Integrating social media analysis and revealed preference methods to value the recreation services of ecologically engineered wetlands}},
    year = {2018},
    journal = {Ecosystem Services},
    author = {Ghermandi, Andrea},
    pages = {351--357},
    volume = {31},
    publisher = {Elsevier B.V.},
    url = {https://doi.org/10.1016/j.ecoser.2017.12.012},
    doi = {10.1016/j.ecoser.2017.12.012},
    issn = {22120416}
}

@techreport{BaudirektiondesKantonsZug2012LeitbildBericht,
    title = {{Leitbild Lorzenebene (Bericht)}},
    year = {2012},
    booktitle = {Baudirektion des Kantons Zug, Amt fuer Raumplanung},
    author = {Baudirektion des Kantons Zug, Amt fuer Raumplanung},
    number = {August},
    pages = {4}
}

@techreport{H.TaennlerA.Wicki2012LeitbildFlyer,
    title = {{Leitbild Lorzenebene (Flyer)}},
    year = {2012},
    booktitle = {Baudirektion des Kantons Zug, Amt fuer Raumplanung},
    author = {H. Taennler, A. Wicki, et al.},
    pages = {1--6}
}

@book{IFL2018LeitfadenNaherholungsgebieten,
    title = {{Leitfaden f{\"{u}}r die nachfrageorientierte Planung und Gestaltung von naturnahen Naherholungsgebieten}},
    year = {2018},
    author = {{IFL}},
    isbn = {9783952493304}
}

@article{DeVries2013MeasuringMaps,
    title = {{Measuring the attractiveness of Dutch landscapes: Identifying national hotspots of highly valued places using Google Maps}},
    year = {2013},
    journal = {Applied Geography},
    author = {De Vries, Sjerp and Buijs, Arjen E. and Langers, Fransje and Farjon, Hans and Van Hinsberg, Arjen and Sijtsma, Frans J.},
    pages = {220--229},
    volume = {45},
    publisher = {Elsevier Ltd},
    url = {http://dx.doi.org/10.1016/j.apgeog.2013.09.017},
    isbn = {0143-6228},
    doi = {10.1016/j.apgeog.2013.09.017},
    issn = {01436228},
    keywords = {Attractiveness, Google Maps, Landscape, Natural places, Social values, Spatial discounting}
}

@misc{NapoleonCat2019NoTitle,
    title = {{No Title}},
    year = {2019},
    author = {{NapoleonCat}},
    url = {https://napoleoncat.com/stats/social-media-users-in-switzerland/2019/01}
}

@article{Brennan2017Pre-operativeSurgery,
    title = {{Pre-operative obesity does not predict poorer symptom control and quality of life after lumbar disc surgery}},
    year = {2017},
    journal = {British Journal of Neurosurgery},
    author = {Brennan, Paul M. and Loan, James J.M. and Watson, Neil and Bhatt, Pragnesh M. and Bodkin, Peter Alwyn},
    number = {6},
    pages = {682--687},
    volume = {31},
    isbn = {9781937284961},
    doi = {10.1080/02688697.2017.1354122},
    issn = {1360046X},
    pmid = {28722516},
    arxivId = {1504.06654},
    keywords = {Obesity, discectomy, outcome assessment}
}

@article{Keeler2015RecreationalLakes,
    title = {{Recreational demand for clean water: Evidence from geotagged photographs by visitors to lakes}},
    year = {2015},
    journal = {Frontiers in Ecology and the Environment},
    author = {Keeler, Bonnie L. and Wood, Spencer A. and Polasky, Stephen and Kling, Catherine and Filstrup, Christopher T. and Downing, John A.},
    number = {2},
    pages = {76--81},
    volume = {13},
    isbn = {1540-9295},
    doi = {10.1890/140124},
    issn = {15409309}
}

@article{Fisher2018RecreationalCounts,
    title = {{Recreational use in dispersed public lands measured using social media data and on-site counts}},
    year = {2018},
    journal = {Journal of Environmental Management},
    author = {Fisher, David M. and Wood, Spencer A. and White, Eric M. and Blahna, Dale J. and Lange, Sarah and Weinberg, Alex and Tomco, Michael and Lia, Emilia},
    number = {October 2017},
    pages = {465--474},
    volume = {222},
    publisher = {Elsevier},
    url = {https://doi.org/10.1016/j.jenvman.2018.05.045},
    doi = {10.1016/j.jenvman.2018.05.045},
    issn = {10958630},
    keywords = {Conservation areas, Geotagged photographs, National forests, Public lands, Recreation, Social media, Visitation rates}
}

@article{Sonter2016SpatialMedia,
    title = {{Spatial and temporal dynamics and value of nature-based recreation, estimated via social media}},
    year = {2016},
    journal = {PLoS ONE},
    author = {Sonter, Laura J. and Watson, Keri B. and Wood, Spencer A. and Ricketts, Taylor H.},
    number = {9},
    pages = {1--16},
    volume = {11},
    isbn = {2014321000},
    doi = {10.1371/journal.pone.0162372},
    issn = {19326203},
    pmid = {27611325}
}

@article{Grossenbacher2014StudyingContent,
    title = {{Studying Human Mobility Through Geotagged Social Media Content}},
    year = {2014},
    author = {Grossenbacher, Timo},
    number = {Geo 511},
    pages = {147}
}

@article{Heikinheimo2017User-GeneratedSurvey,
    title = {{User-Generated Geographic Information for Visitor Monitoring in a National Park: A Comparison of Social Media Data and Visitor Survey}},
    year = {2017},
    journal = {ISPRS International Journal of Geo-Information},
    author = {Heikinheimo, Vuokko and Minin, Enrico Di and Tenkanen, Henrikki and Hausmann, Anna and Erkkonen, Joel and Toivonen, Tuuli},
    number = {3},
    pages = {85},
    volume = {6},
    url = {http://www.mdpi.com/2220-9964/6/3/85},
    isbn = {3582941507},
    doi = {10.3390/ijgi6030085},
    issn = {2220-9964},
    keywords = {geotagged social media data, recreational services, user-generated content, visitor survey}
}

@article{Heikinheimo2017User-GeneratedSurveyb,
    title = {{User-Generated Geographic Information for Visitor Monitoring in a National Park: A Comparison of Social Media Data and Visitor Survey}},
    year = {2017},
    journal = {ISPRS International Journal of Geo-Information},
    author = {Heikinheimo, Vuokko and Minin, Enrico Di and Tenkanen, Henrikki and Hausmann, Anna and Erkkonen, Joel and Toivonen, Tuuli},
    number = {3},
    pages = {85},
    volume = {6},
    url = {http://www.mdpi.com/2220-9964/6/3/85},
    isbn = {3582941507},
    doi = {10.3390/ijgi6030085},
    issn = {2220-9964},
    keywords = {geotagged social media data, recreational services, user-generated content, visitor survey}
}

@article{Richards2018UsingPhotographs,
    title = {{Using image recognition to automate assessment of cultural ecosystem services from social media photographs}},
    year = {2018},
    journal = {Ecosystem Services},
    author = {Richards, Daniel R. and Tun{\c{c}}er, Bige and Tun{\c{c}}er, Bige},
    pages = {318--325},
    volume = {31},
    publisher = {Elsevier B.V.},
    url = {https://doi.org/10.1016/j.ecoser.2017.09.004},
    doi = {10.1016/j.ecoser.2017.09.004},
    issn = {22120416},
    keywords = {Machine learning, Recreation, Recreational ecosystem services, Singapore, Urban ecology}
}

@article{Oteros-Rozas2016UsingSites,
    title = {{Using social media photos to explore the relation between cultural ecosystem services and landscape features across five European sites}},
    year = {2016},
    journal = {Ecological Indicators},
    author = {Oteros-Rozas, Elisa and Mart{\'{i}}n-L{\'{o}}pez, Berta and Fagerholm, Nora and Bieling, Claudia and Plieninger, Tobias},
    publisher = {Elsevier Ltd},
    url = {http://dx.doi.org/10.1016/j.ecolind.2017.02.009},
    isbn = {1470160X},
    doi = {10.1016/j.ecolind.2017.02.009},
    issn = {1470160X},
    keywords = {Landscape values, Non-material benefits, Photos, Social preferences, User generated content (UGC)}
}

@article{Wood2013UsingRecreation,
    title = {{Using social media to quantify nature-based tourism and recreation}},
    year = {2013},
    journal = {Scientific Reports},
    author = {Wood, Spencer A. and Guerry, Anne D. and Silver, Jessica M. and Lacayo, Martin},
    volume = {3},
    isbn = {2045-2322},
    doi = {10.1038/srep02976},
    issn = {20452322},
    pmid = {24131963}
}

@article{Mancini2018UsingActivities,
    title = {{Using social media to quantify spatial and temporal dynamics of nature-based recreational activities}},
    year = {2018},
    journal = {PLoS ONE},
    author = {Mancini, Francesca and Coghill, George M. and Lusseau, David},
    number = {7},
    pages = {1--19},
    volume = {13},
    url = {http://dx.doi.org/10.1371/journal.pone.0200565},
    isbn = {1111111111},
    doi = {10.1371/journal.pone.0200565},
    issn = {19326203}
}

@article{Mancini2018UsingActivitiesb,
    title = {{Using social media to quantify spatial and temporal dynamics of nature-based recreational activities}},
    year = {2018},
    journal = {PLoS ONE},
    author = {Mancini, Francesca and Coghill, George M. and Lusseau, David},
    number = {7},
    pages = {1--19},
    volume = {13},
    url = {http://dx.doi.org/10.1371/journal.pone.0200565},
    isbn = {1111111111},
    doi = {10.1371/journal.pone.0200565},
    issn = {19326203}
}

@article{BundesamtfurUmweltBAFU2017WandelLandschaft,
    title = {{Wandel der Landschaft}},
    year = {2017},
    author = {{Bundesamt f{\"{u}}r Umwelt BAFU}}
}